<?xml version="1.0" encoding="UTF-8"?><collection xmlns="http://www.loc.gov/MARC21/slim"><record><leader>00568nam--2200205-i-4500</leader><controlfield tag="001">000013682</controlfield><controlfield tag="002">20161230</controlfield><controlfield tag="005">20161230201030</controlfield><controlfield tag="008">060222s1000------------r-----000-0-eng-d</controlfield><datafield ind1=" " ind2=" " tag="020"><subfield code="a">0387905073</subfield></datafield><datafield ind1=" " ind2=" " tag="040"><subfield code="a">IFIN-HH</subfield></datafield><datafield ind1=" " ind2=" " tag="080"><subfield code="a">519.62:517.928</subfield></datafield><datafield ind1="1" ind2=" " tag="100"><subfield code="a">Kevorkian, J</subfield></datafield><datafield ind1="1" ind2="0" tag="245"><subfield code="a">Perturbation methods in applied mathematics</subfield><subfield code="c">J. kevorkian, j.d. cole</subfield></datafield><datafield ind1=" " ind2=" " tag="260"><subfield code="a">New York</subfield><subfield code="b">Springer-verlag</subfield><subfield code="c">1981</subfield></datafield><datafield ind1=" " ind2=" " tag="300"><subfield code="a">VII+558P</subfield></datafield><datafield ind1=" " ind2=" " tag="490"><subfield code="a">Applied Mathematical Sciences</subfield><subfield code="v">Vol. 34</subfield></datafield><datafield ind1="1" ind2=" " tag="700"><subfield code="a">Cole, J.D</subfield></datafield><datafield ind1=" " ind2=" " tag="852"><subfield code="a">49141</subfield><subfield code="c">519.4/5</subfield></datafield><datafield ind1=" " ind2=" " tag="CAT"><subfield code="a">Sys</subfield><subfield code="c">20130814</subfield><subfield code="h">160358</subfield></datafield></record></collection>